%% This BibTeX bibliography file was created using BibDesk.
%% https://bibdesk.sourceforge.io/

%% Created for Lincoln Houghton at 2021-11-11 10:37:00 -0700 


%% Saved with string encoding Unicode (UTF-8) 



@article{testing,
	author = {Lincoln},
	date-added = {2021-11-11 10:36:00 -0700},
	date-modified = {2021-11-11 10:36:54 -0700},
	journal = {Physics Journal},
	month = {November},
	title = {Senior Thesis},
	year = {2021}}

@book{solidStateBook,
	author = {Harold T. Stokes},
	date-added = {2021-11-09 21:14:50 -0700},
	date-modified = {2021-11-09 21:17:45 -0700},
	edition = {4th},
	publisher = {Brigham Young University},
	title = {Solid State Physics for Advanced Undergraduates},
	year = {2007}}
